@article{allen2002,
  title={Manipulating the symbolic meaning of meat to encourage greater acceptance of fruits and vegetables and less proclivity for red and white meat},
  author={Allen, Michael W and Baines, Surinder},
  journal={Appetite},
  volume={38},
  number={2},
  pages={118--130},
  year={2002},
  publisher={Elsevier}
}
@article{jalil2023,
  title={Low-cost climate-change informational intervention reduces meat consumption among students for 3 years},
  author={Jalil, Andrew J and Tasoff, Joshua and Bustamante, Arturo Vargas},
  journal={Nature Food},
  volume={4},
  number={3},
  pages={218--222},
  year={2023},
  publisher={Nature Publishing Group UK London}
}