@article{allen2002,
  title={Manipulating the symbolic meaning of meat to encourage greater acceptance of fruits and vegetables and less proclivity for red and white meat},
  author={Allen, Michael W and Baines, Surinder},
  journal={Appetite},
  volume={38},
  number={2},
  pages={118--130},
  year={2002},
  publisher={Elsevier}
}

@article{abrahamse2007,
  title={The effect of tailored information, goal setting, and tailored feedback on household energy use, energy-related behaviors, and behavioral antecedents},
  author={Abrahamse, Wokje and Steg, Linda and Vlek, Charles and Rothengatter, Talib},
  journal={Journal of environmental psychology},
  volume={27},
  number={4},
  pages={265--276},
  year={2007},
  publisher={Elsevier}
}
@article{allen2002,
  title={Manipulating the symbolic meaning of meat to encourage greater acceptance of fruits and vegetables and less proclivity for red and white meat},
  author={Allen, Michael W and Baines, Surinder},
  journal={Appetite},
  volume={38},
  number={2},
  pages={118--130},
  year={2002},
  publisher={Elsevier}
}

@article{coker2022,
  title={A dynamic social norm messaging intervention to reduce meat consumption: A randomized cross-over trial in retail store restaurants},
  author={{\c{C}}oker, Elif Naz and Pechey, Rachel and Frie, Kerstin and Jebb, Susan A and Stewart, Cristina and Higgs, Suzanne and Cook, Brian},
  journal={Appetite},
  volume={169},
  pages={105824},
  year={2022},
  publisher={Elsevier}
}
@article{jalil2023,
  title={Low-cost climate-change informational intervention reduces meat consumption among students for 3 years},
  author={Jalil, Andrew J and Tasoff, Joshua and Bustamante, Arturo Vargas},
  journal={Nature Food},
  volume={4},
  number={3},
  pages={218--222},
  year={2023},
  publisher={Nature Publishing Group UK London}
}
@techreport{peacock2017,
  title={Which Request Creates the Most Diet Change: A Reanalysis},
  author={Peacock, Jacob and Sethu, Harish},
  year={2017},
  institution={Technical Report 2020. Publisher: Open Science Framework}
}
@techreport{Cooney2016,
  author = {Nick Cooney},
  title = {Do Online Videos of Farmed Animal Cruelty Change People’s Diets and Attitudes?},
  year = {2016},
  month = {March},
  institution = {Mercy For Animals},
  type = {Tech. Rep.},
  url = {https://mercyforanimals.org/impact-study}
}

@mastersthesis{bochmann2017,
  author = {Linda Bochmann},
  title = {Do Pro-Vegetarian Online Ads Make a Difference? Meat Eaters’ Personalities and the Stability of Meat Consumption and Carnism},
  school = {Georg-August University of Goettingen},
  year = {2017},
  address = {Goettingen},
  month = {November},
  day = {09},
  type = {Bachelor's Thesis},
  note = {First Examiner: Dr. Tanja Gerlach, Second Examiner: Prof. Dr. Lars Penke, Supervisor: Christoph von Borell}
}
@dissertation{fehrenbach2015,
  title={Designing messages to reduce meat consumption: A test of the extended parallel process model},
  author={Fehrenbach, Keri Szejda},
  year={2015},
  publisher={Arizona State University}
}
@article{piester2020,
  title={“I'll try the veggie burger”: Increasing purchases of sustainable foods with information about sustainability and taste},
  author={Piester, Hannah E and DeRieux, Christine M and Tucker, Jane and Buttrick, Nicholas R and Galloway, James N and Wilson, Timothy D},
  journal={Appetite},
  volume={155},
  pages={104842},
  year={2020},
  publisher={Elsevier}
}