@article{abrahamse2007,
	title        = {{The effect of tailored information, goal setting, and tailored feedback on household energy use, energy-related behaviors, and behavioral antecedents}},
	author       = {Abrahamse, Wokje and Steg, Linda and Vlek, Charles and Rothengatter, Talib},
	year         = 2007,
	journal      = {Journal of environmental psychology},
	publisher    = {Elsevier},
	volume       = 27,
	number       = 4,
	pages        = {265--276}
}
@article{acharya2004,
	title        = {{Nutritional changes among premenopausal women undertaking a soya based dietary intervention study in Hawaii}},
	author       = {Acharya, S and Maskarinec, G and Williams, AE and Oshiro, C and Hebshi, S and Murphy, SP},
	year         = 2004,
	journal      = {Journal of human nutrition and dietetics},
	publisher    = {Wiley Online Library},
	volume       = 17,
	number       = 5,
	pages        = {413--419}
}
@article{alblas2023,
	title        = {{``Meat'' me in the middle: the potential of a social norm feedback intervention in the context of meat consumption--a conceptual replication}},
	author       = {Alblas, Monique C and Meijers, Marijn HC and de Groot, Heleen E and Mollen, Saar},
	year         = 2023,
	journal      = {Environmental Communication},
	publisher    = {Taylor \& Francis},
	volume       = 17,
	number       = 8,
	pages        = {991--1003}
}
@article{aldoh2023,
	title        = {{Shifting norms, static behaviour: effects of dynamic norms on meat consumption}},
	author       = {Aldoh, Alaa and Sparks, Paul and Harris, Peter R},
	year         = 2024,
	journal      = {Royal Society Open Science},
	publisher    = {The Royal Society},
	volume       = 11,
	number       = 6,
	pages        = 240407
}
@article{allen2002,
	title        = {{Manipulating the symbolic meaning of meat to encourage greater acceptance of fruits and vegetables and less proclivity for red and white meat}},
	author       = {Allen, Michael W and Baines, Surinder},
	year         = 2002,
	journal      = {Appetite},
	publisher    = {Elsevier},
	volume       = 38,
	number       = 2,
	pages        = {118--130}
}
@book{allport1954,
	title        = {{The nature of prejudice}},
	author       = {Allport, Gordon Willard},
	year         = 1954,
	publisher    = {Addison-wesley Reading, MA}
}
@article{ammann2023,
	title        = {{A review on policy instruments for sustainable food consumption}},
	author       = {Ammann, Jeanine and Arbenz, Andreia and Mack, Gabriele and Nemecek, Thomas and El Benni, Nadja},
	year         = 2023,
	journal      = {Sustainable Production and Consumption},
	publisher    = {Elsevier},
	volume       = 36,
	pages        = {338--353}
}
@misc{anderson2017,
	title        = {{An experimental investigation of the impact of video media on pork consumption}},
	author       = {Anderson, Jo and Asher, Kathryn and point people included Sharon, Animal Equality and Nunez, Dane Charbeneau and Valle, Jose},
	year         = 2017,
	month        = nov,
	url          = {https://osf.io/r4zft},
	institution  = {Faunalytics}
}
@article{andersson2021,
	title        = {{Nudge the lunch: A field experiment testing menu-primacy effects on lunch choices}},
	author       = {Andersson, Ola and Nelander, Lif},
	year         = 2021,
	journal      = {Games},
	publisher    = {MDPI},
	volume       = 12,
	number       = 1,
	pages        = 2
}
@article{bacon2018,
	title        = {{(Not) Eating for the environment: The impact of restaurant menu design on vegetarian food choice}},
	author       = {Bacon, Linda and Krpan, Dario},
	year         = 2018,
	journal      = {Appetite},
	publisher    = {Elsevier},
	volume       = 125,
	pages        = {190--200}
}
@article{banerjee2019,
	title        = {{Going beyond classic nudges: Comparing the effectiveness of information nudges combined with commitment devices in lowering meat consumption}},
	author       = {Banerjee, Sanchayan},
	year         = 2019,
	journal      = {Available at SSRN 3493588}
}
@article{beresford2006,
	title        = {{Low-Fat Dietary Pattern and Risk of Colorectal Cancer: The Women's Health Initiative Randomized Controlled Dietary Modification Trial}},
	author       = {Shirley A. A. Beresford and Karen C. Johnson and Cheryl Ritenbaugh and Norman L. Lasser and Linda G. Snetselaar and Henry R. Black and Garnet L. Anderson and Annelise N. Assaf and Tamsen Bassford and Deborah Bowen and Robert L. Brunner and Robert G. Bryzski and Bette Caan and Rowan T. Chlebowski and Margery Gass and Rosanne C. Harrigan and Jennifer Hays and David Heber and Gerardo Heiss and Susan L. Hendrix and Barbara V. Howard and Judith Hsia and F. Allan Hubbell and Rebecca D. Jackson and Jane Morley Kotchen and Lewis H. Kuller and Andrea Z. LaCroix and Dorothy S. Lane and Robert D. Langer and Cora E. Lewis and JoAnn E. Manson and Karen L. Margolis and Yasmin Mossavar-Rahmani and Judith K. Ockene and Linda M. Parker and Michael C. Perri and Lawrence Phillips and Ross L. Prentice and John Robbins and Jacques E. Rossouw and Gloria E. Sarto and Marcia L. Stefanick and Judith K. Ockene and Linda M. Parker and Michael C. Perri and Lawrence Phillips and Ross L. Prentice and John Robbins and Jacques E. Rossouw and Gloria E. Sarto and Marcia L. Stefanick and Judith K. Ockene and Linda M. Parker},
	year         = 2006,
	journal      = {JAMA},
	volume       = 295,
	number       = 6,
	pages        = {643--654},
	doi          = {10.1001/jama.295.6.643},
	url          = {https://doi.org/10.1001/jama.295.6.643}
}
@techreport{bergman2024,
	title        = {{Creating moves to opportunity: Experimental evidence on barriers to neighborhood choice}},
	author       = {Bergman, Peter and Chetty, Raj and DeLuca, Stefanie and Hendren, Nathaniel and Katz, Lawrence F and Palmer, Christopher},
	year         = 2024,
	journal      = {American Economic Review},
	publisher    = {American Economic Association},
	volume       = {forthcoming}
}
@article{bergquist2023,
	title        = {{Field interventions for climate change mitigation behaviors: A second-order meta-analysis}},
	author       = {Bergquist, Magnus and Thiel, Maximilian and Goldberg, Matthew H and van der Linden, Sander},
	year         = 2023,
	journal      = {Proceedings of the National Academy of Sciences},
	publisher    = {National Acad Sciences},
	volume       = 120,
	number       = 13,
	pages        = {e2214851120}
}
@article{berndsen2005,
	title        = {{Risks of meat: The relative impact of cognitive, affective and moral concerns}},
	author       = {Berndsen, Mari{\"e}tte and Van Der Pligt, Joop},
	year         = 2005,
	journal      = {Appetite},
	publisher    = {Elsevier},
	volume       = 44,
	number       = 2,
	pages        = {195--205}
}
@article{bertolaso2015,
	title        = {{Investigating the effectiveness of message framing and regulatory fit in increasing positive animal attitude and reducing animal products consumption: A study for animal equality}},
	author       = {Bertolaso, Carolina},
	year         = 2015,
	journal      = {A study for animal equality}
}
@article{bianchi2018conscious,
	title        = {{Interventions targeting conscious determinants of human behaviour to reduce the demand for meat: a systematic review with qualitative comparative analysis}},
	author       = {Bianchi, Filippo and Dorsel, Claudia and Garnett, Emma and Aveyard, Paul and Jebb, Susan A},
	year         = 2018,
	journal      = {International Journal of Behavioral Nutrition and Physical Activity},
	publisher    = {Springer},
	volume       = 15,
	pages        = {1--25}
}
@article{bianchi2018restructuring,
	title        = {{Restructuring physical micro-environments to reduce the demand for meat: a systematic review and qualitative comparative analysis}},
	author       = {Bianchi, Filippo and Garnett, Emma and Dorsel, Claudia and Aveyard, Paul and Jebb, Susan A},
	year         = 2018,
	journal      = {The Lancet Planetary Health},
	publisher    = {Elsevier},
	volume       = 2,
	number       = 9,
	pages        = {e384--e397}
}
@article{bianchi2022,
	title        = {{Replacing meat with alternative plant-based products (RE-MAP): a randomized controlled trial of a multicomponent behavioral intervention to reduce meat consumption}},
	author       = {Bianchi, Filippo and Stewart, Cristina and Astbury, Nerys M and Cook, Brian and Aveyard, Paul and Jebb, Susan A},
	year         = 2022,
	journal      = {The American Journal of Clinical Nutrition},
	publisher    = {Elsevier},
	volume       = 115,
	number       = 5,
	pages        = {1357--1366}
}
@article{bicchieri2023,
	title        = {{Norm nudging and twisting preferences}},
	author       = {Bicchieri, Cristina},
	year         = 2023,
	journal      = {Behavioural Public Policy},
	publisher    = {Cambridge University Press},
	volume       = 7,
	number       = 4,
	pages        = {914--923}
}
@article{blair2021,
	title        = {{Community policing does not build citizen trust in police or reduce crime in the Global South}},
	author       = {Blair, Graeme and Weinstein, Jeremy M and Christia, Fotini and Arias, Eric and Badran, Emile and Blair, Robert A and Cheema, Ali and Farooqui, Ahsan and Fetzer, Thiemo and Grossman, Guy and others},
	year         = 2021,
	journal      = {Science},
	publisher    = {American Association for the Advancement of Science},
	volume       = 374,
	number       = 6571,
	pages        = {eabd3446}
}
@article{blanken2015,
	title        = {{A meta-analytic review of moral licensing}},
	author       = {Blanken, Irene and Van De Ven, Niels and Zeelenberg, Marcel},
	year         = 2015,
	journal      = {Personality and Social Psychology Bulletin},
	publisher    = {Sage Publications Sage CA: Los Angeles, CA},
	volume       = 41,
	number       = 4,
	pages        = {540--558}
}
@mastersthesis{bochmann2017,
	title        = {{Do Pro-Vegetarian Online Ads Make a Difference? Meat Eaters' Personalities and the Stability of Meat Consumption and Carnism}},
	author       = {Linda Bochmann},
	year         = 2017,
	month        = nov,
	day          = {09},
	address      = {Goettingen},
	note         = {First Examiner: Dr. Tanja Gerlach, Second Examiner: Prof. Dr. Lars Penke, Supervisor: Christoph von Borell},
	school       = {Georg-August University of Goettingen},
	type         = {Bachelor's Thesis}
}
@article{brachem2019,
	title        = {{The Limits of Nudging: Can Descriptive Social Norms Be Used to Reduce Meat Consumption? It's Probably Not That Easy}},
	author       = {Brachem, Johannes and Kr{\"u}dewagen, Henry and Hagmayer, York},
	year         = 2019,
	publisher    = {PsyArXiv}
}
@article{bschaden2020,
	title        = {{Effects of a documentary on consumer perception of the environmental impact of meat consumption}},
	author       = {Bschaden, Andreas and Mandarano, Eduardo and Stroebele-Benschop, Nanette},
	year         = 2020,
	journal      = {British food journal},
	publisher    = {Emerald Publishing Limited},
	volume       = 123,
	number       = 1,
	pages        = {177--189}
}
@article{bursey2018,
	title        = {{Proposition 12: standards for confinement of specified farm animals; bans sale of noncomplying products}},
	author       = {Bursey, Kevin W and Thomas, Anna Lisa},
	year         = 2018,
	journal      = {California Initiative Review (CIR)},
	volume       = 2018,
	number       = 1,
	pages        = 12
}
@article{bushman1994,
	title        = {{Vote-counting procedures in meta-analysis}},
	author       = {Bushman, Brad J and Wang, Morgan C},
	year         = 1994,
	journal      = {The handbook of research synthesis},
	volume       = 236,
	pages        = {193--213}
}
@article{cadario2020,
	title        = {{Which healthy eating nudges work best? A meta-analysis of field experiments}},
	author       = {Cadario, Romain and Chandon, Pierre},
	year         = 2020,
	journal      = {Marketing Science},
	publisher    = {INFORMS},
	volume       = 39,
	number       = 3,
	pages        = {465--486}
}
@article{camp2019,
	title        = {{Giving pork the chop: Response inhibition training to reduce meat intake}},
	author       = {Camp, Bethany and Lawrence, Natalia S},
	year         = 2019,
	journal      = {Appetite},
	publisher    = {Elsevier},
	volume       = 141,
	pages        = 104315
}
@article{campbell2014,
	title        = {{Motivating sustainable food choices: The role of nudges, value orientation, and information provision}},
	author       = {Campbell-Arvai, Victoria and Arvai, Joseph and Kalof, Linda},
	year         = 2014,
	journal      = {Environment and Behavior},
	publisher    = {Sage Publications Sage CA: Los Angeles, CA},
	volume       = 46,
	number       = 4,
	pages        = {453--475}
}
@book{campbell2015,
	title        = {{Experimental and quasi-experimental designs for research}},
	author       = {Campbell, Donald T and Stanley, Julian C},
	year         = 2015,
	publisher    = {Ravenio books}
}
@article{campos2021,
	title        = {{Monetary incentives increase COVID-19 vaccinations}},
	author       = {Campos-Mercade, Pol and Meier, Armando N and Schneider, Florian H and Meier, Stephan and Pope, Devin and Wengstr{\"o}m, Erik},
	year         = 2021,
	journal      = {Science},
	publisher    = {American association for the advancement of science},
	volume       = 374,
	number       = 6569,
	pages        = {879--882}
}
@article{carfora2017correlational,
	title        = {{Correlational study and randomised controlled trial for understanding and changing red meat consumption: The role of eating identities}},
	author       = {Carfora, Valentina and Caso, Daniela and Conner, M},
	year         = 2017,
	journal      = {Social Science \& Medicine},
	publisher    = {Elsevier},
	volume       = 175,
	pages        = {244--252}
}
@article{carfora2017randomised,
	title        = {{Randomised controlled trial of a text messaging intervention for reducing processed meat consumption: The mediating roles of anticipated regret and intention}},
	author       = {Carfora, Valentina and Caso, Daniela and Conner, Mark},
	year         = 2017,
	journal      = {Appetite},
	publisher    = {Elsevier},
	volume       = 117,
	pages        = {152--160}
}
@article{carfora2019,
	title        = {{How to reduce red and processed meat consumption by daily text messages targeting environment or health benefits}},
	author       = {Carfora, Valentina and Catellani, Patrizia and Caso, D and Conner, M},
	year         = 2019,
	journal      = {Journal of Environmental Psychology},
	publisher    = {Elsevier},
	volume       = 65,
	pages        = 101319
}
@article{carfora2019informational,
	title        = {{Informational and emotional daily messages to reduce red and processed meat consumption}},
	author       = {Carfora, Valentina and Bertolotti, Mauro and Catellani, Patrizia},
	year         = 2019,
	journal      = {Appetite},
	publisher    = {Elsevier},
	volume       = 141,
	pages        = 104331
}
@article{carfora2023,
	title        = {{Legumes or Meat? The effectiveness of recommendation messages towards a plant-based diet depends on people's identification with flexitarians}},
	author       = {Carfora, Valentina and Catellani, Patrizia},
	year         = 2023,
	journal      = {Nutrients},
	publisher    = {MDPI},
	volume       = 15,
	number       = 1,
	pages        = 15
}
@book{caro2009,
	title        = {{The Foie Gras Wars: How a 5,000-Year-Old Delicacy Inspired the World's Fiercest Food Fight}},
	author       = {Caro, Mark},
	year         = 2009,
	publisher    = {Simon and Schuster}
}
@article{cerri2019,
	title        = {{Social desirability and sustainable food research: A systematic literature review}},
	author       = {Cerri, Jacopo and Th{\o}gersen, John and Testa, Francesco},
	year         = 2019,
	journal      = {Food Quality and Preference},
	publisher    = {Elsevier},
	volume       = 71,
	pages        = {136--140}
}
@article{chang2023,
	title        = {{Strategies for reducing meat consumption within college and university settings: A systematic review and meta-analysis}},
	author       = {Chang, Kenjin B and Wooden, Alyssa and Rosman, Lori and Altema-Johnson, Daphene and Ramsing, Rebecca},
	year         = 2023,
	journal      = {Frontiers in Sustainable Food Systems},
	publisher    = {Frontiers},
	volume       = 7,
	pages        = 1103060
}
@article{coker2022,
	title        = {{A dynamic social norm messaging intervention to reduce meat consumption: A randomized cross-over trial in retail store restaurants}},
	author       = {{\c{C}}oker, Elif Naz and Pechey, Rachel and Frie, Kerstin and Jebb, Susan A and Stewart, Cristina and Higgs, Suzanne and Cook, Brian},
	year         = 2022,
	journal      = {Appetite},
	publisher    = {Elsevier},
	volume       = 169,
	pages        = 105824
}
@book{cook2002,
	title        = {{Experimental and quasi-experimental designs for generalized causal inference}},
	author       = {Cook, Thomas D and Campbell, Donald Thomas and Shadish, William},
	year         = 2002,
	publisher    = {Houghton Mifflin Boston, MA},
	volume       = 1195
}
@misc{cooney2014,
	title        = {{What elements make a vegetarian leaflet more effective?}},
	author       = {Nick Cooney},
	year         = 2014,
	month        = may,
	url          = {https://osf.io/nwcgf},
	note         = {Humane League Labs}
}
@misc{cooney2016,
	title        = {{Do Online Videos of Farmed Animal Cruelty Change People’s Diets and Attitudes?}},
	author       = {Nick Cooney},
	year         = 2016,
	month        = mar,
	url          = {https://mercyforanimals.org/blog/impact-study/},
	note         = {Mercy For Animals}
}
@book{cooper2019,
	title        = {{The handbook of research synthesis and meta-analysis}},
	author       = {Cooper, Harris and Hedges, Larry V and Valentine, Jeffrey C},
	year         = 2019,
	publisher    = {Russell Sage Foundation}
}
@article{costello2016,
	title        = {{Food waste in campus dining operations: Inventory of pre-and post-consumer mass by food category, and estimation of embodied greenhouse gas emissions}},
	author       = {Costello, Christine and Birisci, Esma and McGarvey, Ronald G},
	year         = 2016,
	journal      = {Renewable Agriculture and Food Systems},
	publisher    = {Cambridge University Press},
	volume       = 31,
	number       = 3,
	pages        = {191--201}
}
@article{dannenberg2023,
	title        = {{The effects of observability and an information nudge on food choice}},
	author       = {Dannenberg, Astrid and Weing{\"a}rtner, Eva},
	year         = 2023,
	journal      = {Journal of Environmental Economics and Management},
	publisher    = {Elsevier},
	volume       = 120,
	pages        = 102829
}
@article{delichatsios2001eatsmart,
	title        = {{EatSmart: efficacy of a multifaceted preventive nutrition intervention in clinical practice}},
	author       = {Delichatsios, Helen K and Hunt, Mary K and Lobb, Rebecca and Emmons, Karen and Gillman, Matthew W},
	year         = 2001,
	journal      = {Preventive Medicine},
	publisher    = {Elsevier},
	volume       = 33,
	number       = 2,
	pages        = {91--98}
}
@article{delichatsios2001talking,
	title        = {{Randomized trial of a "talking computer" to improve adults' eating habits}},
	author       = {Delichatsios, Helen K. and Friedman, Robert H. and Glanz, Karen and Tennstedt, Sharon and Smigelski, Charles and Pinto, Bernardine M. and Kelley, Heather and Gillman, Matthew W.},
	year         = 2001,
	journal      = {American Journal of Health Promotion},
	publisher    = {SAGE Publications Sage CA: Los Angeles, CA},
	volume       = 15,
	number       = 4,
	pages        = {215--224}
}
@article{dellavigna2022,
	title        = {{RCTs to scale: Comprehensive evidence from two nudge units}},
	author       = {DellaVigna, Stefano and Linos, Elizabeth},
	year         = 2022,
	journal      = {Econometrica},
	publisher    = {Wiley Online Library},
	volume       = 90,
	number       = 1,
	pages        = {81--116}
}
@misc{dhont2019,
	title        = {{Rethinking human-animal relations: The critical role of social psychology}},
	author       = {Dhont, Kristof and Hodson, Gordon and Loughnan, Steve and Amiot, Catherine E},
	year         = 2019,
	journal      = {Group Processes \& Intergroup Relations},
	publisher    = {Sage Publications Sage UK: London, England},
	volume       = 22,
	number       = 6,
	pages        = {769--784}
}
@article{DiGennaro2024,
	title        = {{How may we effectively motivate people to reduce the consumption of meat? Results of a meta-analysis of randomized clinical trials}},
	author       = {Di Gennaro, Gianfranco and Licata, Francesca and Pujia, Arturo and Montalcini, Tiziana and Bianco, Aida},
	year         = 2024,
	journal      = {Preventive Medicine},
	publisher    = {Elsevier},
	pages        = 108007
}
@article{dijkstra2022,
	title        = {{Lowering red meat and processed meat consumption with environmental, animal welfare, and health arguments in Italy: An online experiment}},
	author       = {Dijkstra, Arie and Rotelli, Valentina},
	year         = 2022,
	journal      = {Frontiers in Psychology},
	publisher    = {Frontiers},
	volume       = 13,
	pages        = 877911
}
@article{doell2023,
	title        = {{Megastudies to test the efficacy of behavioural interventions}},
	author       = {Doell, Kimberly C},
	year         = 2023,
	journal      = {Nature Reviews Psychology},
	publisher    = {Nature Publishing Group US New York},
	volume       = 2,
	number       = 5,
	pages        = {263--263}
}
@article{emmons2005cancer,
	title        = {{Cancer prevention among working class, multiethnic adults: results of the healthy directions--health centers study}},
	author       = {Emmons, Karen M and Stoddard, Ann M and Fletcher, Robert and Gutheil, Caitlin and Suarez, Elizabeth Gonzalez and Lobb, Rebecca and Weeks, Jane and Bigby, Judy Anne},
	year         = 2005,
	journal      = {American Journal of Public Health},
	publisher    = {American Public Health Association},
	volume       = 95,
	number       = 7,
	pages        = {1200--1205}
}
@article{emmons2005project,
	title        = {{Project PREVENT: a randomized trial to reduce multiple behavioral risk factors for colon cancer}},
	author       = {Emmons, Karen M and McBride, Colleen M and Puleo, Elaine and Pollak, Kathryn I and Clipp, Elizabeth and Kuntz, Karen and Marcus, Bess H and Napolitano, Melissa and Onken, Jane and Farraye, Frank and others},
	year         = 2005,
	journal      = {Cancer Epidemiology Biomarkers \& Prevention},
	publisher    = {AACR},
	volume       = 14,
	number       = 6,
	pages        = {1453--1459}
}
@article{epperson2021,
	title        = {{Information avoidance and moral behavior: Experimental evidence from food choices}},
	author       = {Epperson, Raphael and Gerster, Andreas},
	year         = 2021,
	journal      = {Available at SSRN 3938994}
}
@phdthesis{fehrenbach2015,
	title        = {{Designing messages to reduce meat consumption: A test of the extended parallel process model}},
	author       = {Fehrenbach, Keri Szejda},
	year         = 2015,
	publisher    = {Arizona State University}
}
@article{feltz2022,
	title        = {{Educational interventions and animal consumption: Results from lab and field studies}},
	author       = {Feltz, Adam and Caton, Jacob N and Cogley, Zac and Engel Jr, Mylan and Feltz, Silke and Ilea, Ramona and Johnson, L Syd M and Offer-Westort, Tom and Tuvel, Rebecca},
	year         = 2022,
	journal      = {Appetite},
	publisher    = {Elsevier},
	volume       = 173,
	pages        = 105981
}
@article{fisher2015,
	title        = {{robumeta: An R-package for robust variance estimation in meta-analysis}},
	author       = {Fisher, Zachary and Tipton, Elizabeth},
	year         = 2015,
	journal      = {arXiv preprint arXiv:1503.02220}
}
@article{frie2022,
	title        = {{Effectiveness of an Online Programme to Tackle Individual’s Meat Intake through SElf-regulation (OPTIMISE): A randomised controlled trial}},
	author       = {Frie, Kerstin and Stewart, Cristina and Piernas, Carmen and Cook, Brian and Jebb, Susan A},
	year         = 2022,
	journal      = {European journal of nutrition},
	publisher    = {Springer},
	volume       = 61,
	number       = 5,
	pages        = {2615--2626}
}
@article{garner2006,
	title        = {{Animal welfare: A political defense}},
	author       = {Garner, Robert},
	year         = 2006,
	journal      = {J. Animal L. \& Ethics},
	publisher    = {HeinOnline},
	volume       = 1,
	pages        = 161
}
@article{garnett2020,
	title        = {{Order of meals at the counter and distance between options affect student cafeteria vegetarian sales}},
	author       = {Garnett, Emma E and Marteau, Theresa M and Sandbrook, Chris and Pilling, Mark A and Balmford, Andrew},
	year         = 2020,
	journal      = {Nature Food},
	publisher    = {Nature Publishing Group UK London},
	volume       = 1,
	number       = 8,
	pages        = {485--488}
}
@article{gomila2021,
	title        = {{Logistic or linear? Estimating causal effects of experimental treatments on binary outcomes using regression analysis.}},
	author       = {Gomila, Robin},
	year         = 2021,
	journal      = {Journal of Experimental Psychology: General},
	publisher    = {American Psychological Association},
	volume       = 150,
	number       = 4,
	pages        = 700
}
@article{goodland2009,
	title        = {{Livestock and climate change: What if the key actors in climate change are... cows, pigs, and chickens?}},
	author       = {Goodland, Robert and Anhang, Jeff and others},
	year         = 2009,
	journal      = {Livestock and climate change: what if the key actors in climate change are... cows, pigs, and chickens?},
	publisher    = {Worldwatch Institute}
}
@article{graham2008,
	title        = {{The animal-human interface and infectious disease in industrial food animal production: rethinking biosecurity and biocontainment}},
	author       = {Graham, Jay P and Leibler, Jessica H and Price, Lance B and Otte, Joachim M and Pfeiffer, Dirk U and Tiensin, T and Silbergeld, Ellen K},
	year         = 2008,
	journal      = {Public health reports},
	publisher    = {SAGE Publications Sage CA: Los Angeles, CA},
	volume       = 123,
	number       = 3,
	pages        = {282--299}
}
@article{gravert2021,
	title        = {{Nudging \`a la carte: a field experiment on climate-friendly food choice}},
	author       = {Gravert, Christina and Kurz, Verena},
	year         = 2021,
	journal      = {Behavioural Public Policy},
	publisher    = {Cambridge University Press},
	volume       = 5,
	number       = 3,
	pages        = {378--395}
}
@article{green2024,
	title        = {{Towards meta-scientific meta-analyses: standard operating procedures for meta-analysis in the Paluck Lab}},
	author       = {Green, Seth A and Paluck, Elizabeth Levy and Porat, Roni},
	year         = 2024,
	journal      = {forthcoming},
	publisher    = {Open Science Framework}
}
@article{greger2010,
	title        = {{The public health impacts of concentrated animal feeding operations on local communities}},
	author       = {Greger, Michael and Koneswaran, Gowri},
	year         = 2010,
	journal      = {Family and Community Health},
	publisher    = {JSTOR},
	pages        = {11--20}
}
@article{griesoph2021,
	title        = {{Guess what\ldots{}?--How guessed norms nudge climate-friendly food choices in real-life settings}},
	author       = {Griesoph, Amelie and Hoffmann, Stefan and Merk, Christine and Rehdanz, Katrin and Schmidt, Ulrich},
	year         = 2021,
	journal      = {Sustainability},
	publisher    = {MDPI},
	volume       = 13,
	number       = 15,
	pages        = 8669
}
@article{grummon2023,
	title        = {{Impact of health, environmental, and animal welfare messages discouraging red meat consumption: an online randomized experiment}},
	author       = {Grummon, Anna H and Musicus, Aviva A and Salvia, Meg G and Thorndike, Anne N and Rimm, Eric B},
	year         = 2023,
	journal      = {Journal of the Academy of Nutrition and Dietetics},
	publisher    = {Elsevier},
	volume       = 123,
	number       = 3,
	pages        = {466--476}
}
@article{grundy2022,
	title        = {{Interventions that influence animal-product consumption: a meta-review}},
	author       = {Grundy, Emily AC and Slattery, Peter and Saeri, Alexander K and Watkins, Kieren and Houlden, Thomas and Farr, Neil and Askin, Henry and Lee, Joannie and Mintoft-Jones, Alex and Cyna, Sophia and others},
	year         = 2022,
	journal      = {Future Foods},
	publisher    = {Elsevier},
	volume       = 5,
	pages        = 100111
}
@article{guthrie2015,
	title        = {{Nudging consumers toward better food choices: Policy approaches to changing food consumption behaviors}},
	author       = {Guthrie, Joanne and Mancino, Lisa and Lin, Chung-Tung Jordan},
	year         = 2015,
	journal      = {Psychology \& Marketing},
	publisher    = {Wiley Online Library},
	volume       = 32,
	number       = 5,
	pages        = {501--511}
}
@article{guzzo1987,
	title        = {{Meta-analysis analysis}},
	author       = {Guzzo, Richard A and Jackson, Susan E and Katzell, Raymond A and others},
	year         = 1987,
	journal      = {Research in organizational behavior},
	volume       = 9,
	number       = 1,
	pages        = {407--442}
}
@article{haaland2023,
	title        = {{Designing information provision experiments}},
	author       = {Haaland, Ingar and Roth, Christopher and Wohlfart, Johannes},
	year         = 2023,
	journal      = {Journal of economic literature},
	publisher    = {American Economic Association 2014 Broadway, Suite 305, Nashville, TN 37203-2425},
	volume       = 61,
	number       = 1,
	pages        = {3--40}
}
@article{haile2021,
	title        = {{Changing hearts and plates: The effect of animal-advocacy pamphlets on meat consumption}},
	author       = {Haile, Menbere and Jalil, Andrew and Tasoff, Joshua and Vargas Bustamante, Arturo},
	year         = 2021,
	journal      = {Frontiers in Psychology},
	publisher    = {Frontiers},
	volume       = 12,
	pages        = 668674
}
@article{hansen2016,
	title        = {{The definition of nudge and libertarian paternalism: Does the hand fit the glove?}},
	author       = {Hansen, Pelle Guldborg},
	year         = 2016,
	journal      = {European Journal of Risk Regulation},
	publisher    = {Cambridge University Press},
	volume       = 7,
	number       = 1,
	pages        = {155--174}
}
@article{hansen2021,
	title        = {{Nudging healthy and sustainable food choices: three randomized controlled field experiments using a vegetarian lunch-default as a normative signal}},
	author       = {Hansen, Pelle G and Schilling, Mathilde and Malthesen, Mia S},
	year         = 2021,
	journal      = {Journal of Public Health},
	publisher    = {Oxford University Press},
	volume       = 43,
	number       = 2,
	pages        = {392--397}
}
@article{harguess2020,
	title        = {{Strategies to reduce meat consumption: A systematic literature review of experimental studies}},
	author       = {Harguess, Jamie M and Crespo, Noe C and Hong, Mee Yong},
	year         = 2020,
	journal      = {Appetite},
	publisher    = {Elsevier},
	volume       = 144,
	pages        = 104478
}
@article{hassan2016,
	title        = {{Who says there is an intention--behaviour gap? Assessing the empirical evidence of an intention--behaviour gap in ethical consumption}},
	author       = {Hassan, Louise M and Shiu, Edward and Shaw, Deirdre},
	year         = 2016,
	journal      = {Journal of business ethics},
	publisher    = {Springer},
	volume       = 136,
	pages        = {219--236}
}
@article{hatami2018,
	title        = {{Effect of multimedia education on nutritional behaviour for colorectal cancer prevention: An application of health belief model}},
	author       = {Hatami, Tooba and Noroozi, Azita and Tahmasebi, Rahim and Rahbar, Alireza},
	year         = 2018,
	journal      = {The Malaysian journal of medical sciences: MJMS},
	publisher    = {School of Medical Sciences, Universiti Sains Malaysia},
	volume       = 25,
	number       = 6,
	pages        = 110
}
@article{hausman2010,
	title        = {{Debate: To nudge or not to nudge}},
	author       = {Hausman, Daniel M and Welch, Brynn},
	year         = 2010,
	journal      = {Journal of Political Philosophy},
	publisher    = {Blackwell Publishing Ltd Oxford, UK},
	volume       = 18,
	number       = 1,
	pages        = {123--136}
}
@article{hebert1995social,
	title        = {{Social desirability bias in dietary self-report may compromise the validity of dietary intake measures}},
	author       = {Hebert, James R and Clemow, Lynn and Pbert, Lori and Ockene, Ira S and Ockene, Judith K},
	year         = 1995,
	journal      = {International journal of epidemiology},
	publisher    = {Oxford University Press},
	volume       = 24,
	number       = 2,
	pages        = {389--398}
}
@article{hebert1997gender,
	title        = {{Gender differences in social desirability and social approval bias in dietary self-report}},
	author       = {Hebert, James R and Ma, Yunsheng and Clemow, Lynn and Ockene, Ira S and Saperia, Gordon and Stanek III, Edward J and Merriam, Philip A and Ockene, Judith K},
	year         = 1997,
	journal      = {American journal of epidemiology},
	publisher    = {Oxford University Press},
	volume       = 146,
	number       = 12,
	pages        = {1046--1055}
}
@article{hedges2010,
	title        = {{Robust variance estimation in meta-regression with dependent effect size estimates}},
	author       = {Hedges, Larry V and Tipton, Elizabeth and Johnson, Matthew C},
	year         = 2010,
	journal      = {Research synthesis methods},
	publisher    = {Wiley Online Library},
	volume       = 1,
	number       = 1,
	pages        = {39--65}
}
@phdthesis{hennessy2016,
	title        = {{The impact of information on animal product consumption}},
	author       = {Hennessy, Sean R},
	year         = 2016,
	school       = {University of Illinois at Urbana-Champaign}
}
@article{horrigan2002,
	title        = {{How sustainable agriculture can address the environmental and human health harms of industrial agriculture.}},
	author       = {Horrigan, Leo and Lawrence, Robert S and Walker, Polly},
	year         = 2002,
	journal      = {Environmental health perspectives},
	volume       = 110,
	number       = 5,
	pages        = {445--456}
}
@article{jaacks2014,
	title        = {{Long-term changes in dietary and food intake behaviour in the Diabetes Prevention Program Outcomes Study}},
	author       = {Jaacks, LM and Ma, Yong and Davis, N and Delahanty, LM and Mayer-Davis, EJ and Franks, PW and Brown-Friday, J and Isonaga, M and Kriska, AM and Venditti, EM and others},
	year         = 2014,
	journal      = {Diabetic medicine},
	publisher    = {Wiley Online Library},
	volume       = 31,
	number       = 12,
	pages        = {1631--1642}
}
@article{jalil2023,
	title        = {{Low-cost climate-change informational intervention reduces meat consumption among students for 3 years}},
	author       = {Jalil, Andrew J and Tasoff, Joshua and Bustamante, Arturo Vargas},
	year         = 2023,
	journal      = {Nature Food},
	publisher    = {Nature Publishing Group UK London},
	volume       = 4,
	number       = 3,
	pages        = {218--222}
}
@article{james2015,
	title        = {{Impact of a nutrition and physical activity intervention (ENRICH: Exercise and Nutrition Routine Improving Cancer Health) on health behaviors of cancer survivors and carers: a pragmatic randomized controlled trial}},
	author       = {James, EL and Stacey, FG and Chapman, K and Boyes, AW and Burrows, T and Girgis, A and Asprey, G and Bisquera, A and Lubans, DR},
	year         = 2015,
	journal      = {BMC cancer},
	publisher    = {Springer},
	volume       = 15,
	pages        = {1--16}
}
@article{john2012,
	title        = {{Measuring the prevalence of questionable research practices with incentives for truth telling}},
	author       = {John, Leslie K and Loewenstein, George and Prelec, Drazen},
	year         = 2012,
	journal      = {Psychological science},
	publisher    = {Sage Publications Sage CA: Los Angeles, CA},
	volume       = 23,
	number       = 5,
	pages        = {524--532}
}
@article{kaiser2020,
	title        = {{Financial rewards for long-term environmental protection}},
	author       = {Kaiser, Florian G and Henn, Laura and Marschke, Beatrice},
	year         = 2020,
	journal      = {Journal of Environmental Psychology},
	publisher    = {Elsevier},
	volume       = 68,
	pages        = 101411
}
@article{kanchanachitra2020,
	title        = {{Nudge interventions to reduce fish sauce consumption in Thailand}},
	author       = {Kanchanachitra, Manasigan and Chamchan, Chalermpol and Kanchanachitra, Churnrurtai and Suttikasem, Kanyapat and Gunn, Laura and Vlaev, Ivo},
	year         = 2020,
	journal      = {PloS one},
	publisher    = {Public Library of Science San Francisco, CA USA},
	volume       = 15,
	number       = 9,
	pages        = {e0238642}
}
@article{kantorowicz2021,
	title        = {{To follow or not to follow the herd? Transparency and social norm nudges}},
	author       = {Kantorowicz-Reznichenko, Elena and Kantorowicz, Jaroslaw},
	year         = 2021,
	journal      = {Kyklos},
	publisher    = {Wiley Online Library},
	volume       = 74,
	number       = 3,
	pages        = {362--377}
}
@article{klockner2017,
	title        = {{Tailored information helps people progress towards reducing their beef consumption}},
	author       = {Kl{\"o}ckner, Christian A and Ofstad, Sunita Prugsamatz},
	year         = 2017,
	journal      = {Journal of Environmental Psychology},
	publisher    = {Elsevier},
	volume       = 50,
	pages        = {24--36}
}
@article{koneswaran2008,
	title        = {{Global farm animal production and global warming: impacting and mitigating climate change}},
	author       = {Koneswaran, Gowri and Nierenberg, Danielle},
	year         = 2008,
	journal      = {Environmental health perspectives},
	publisher    = {National Institute of Environmental Health Sciences},
	volume       = 116,
	number       = 5,
	pages        = {578--582}
}
@article{kormos2014,
	title        = {{The validity of self-report measures of proenvironmental behavior: A meta-analytic review}},
	author       = {Kormos, Christine and Gifford, Robert},
	year         = 2014,
	journal      = {Journal of Environmental Psychology},
	publisher    = {Elsevier},
	volume       = 40,
	pages        = {359--371}
}
@article{kuruc2023,
	title        = {{Animal welfare in economic analyses of food production}},
	author       = {Kuruc, Kevin and McFadden, Jonathan},
	year         = 2023,
	journal      = {Nature Food},
	publisher    = {Nature Publishing Group UK London},
	pages        = {1--2}
}
@article{lacroix2020,
	title        = {{Targeting interventions to distinct meat-eating groups reduces meat consumption}},
	author       = {Lacroix, Karine and Gifford, Robert},
	year         = 2020,
	journal      = {Food Quality and Preference},
	publisher    = {Elsevier},
	volume       = 86,
	pages        = 103997
}
@article{landry2023,
	title        = {{Cardiometabolic Effects of Omnivorous vs Vegan Diets in Identical Twins: A Randomized Clinical Trial}},
	author       = {Landry, Matthew J and Ward, Catherine P and Cunanan, Kristen M and Durand, Lindsay R and Perelman, Dalia and Robinson, Jennifer L and Hennings, Tayler and Koh, Linda and Dant, Christopher and Zeitlin, Amanda and others},
	year         = 2023,
	journal      = {JAMA Network Open},
	publisher    = {American Medical Association},
	volume       = 6,
	number       = 11,
	pages        = {e2344457--e2344457}
}
@article{lee2018,
	title        = {{Dietary and physical activity interventions for colorectal cancer survivors: a randomized controlled trial}},
	author       = {Lee, CF and Ho, Judy WC and Fong, Daniel YT and Macfarlane, Duncan J and Cerin, Ester and Lee, Antoinette M and Leung, Sharron and Chan, Wynnie YY and Leung, Ivy PF and Lam, Sharon HS and others},
	year         = 2018,
	journal      = {Scientific reports},
	publisher    = {Nature Publishing Group UK London},
	volume       = 8,
	number       = 1,
	pages        = 5731
}
@phdthesis{lentz2020,
	title        = {{Meat consumption and potential reduction for environmental and public health benefits}},
	author       = {Lentz, Garrett},
	year         = 2020,
	school       = {University of Otago}
}
@mastersthesis{lindstrom2015,
	title        = {{Nudging towards sustainable meat consumption: a natural field experiment}},
	author       = {Linda Lindstr{\"o}m},
	year         = 2015,
	url          = {https://www.diva-portal.org/smash/record.jsf?pid=diva2\%3A885664&dswid=-5342},
	school       = {Stockholm University, Faculty of Science, Stockholm Resilience Centre},
	type         = {Master's thesis},
	language     = {English}
}
@techreport{list2023,
	title        = {{Judging nudging: Understanding the welfare effects of nudges versus taxes}},
	author       = {List, John A and Rodemeier, Matthias and Roy, Sutanuka and Sun, Gregory K},
	year         = 2023,
	institution  = {National Bureau of Economic Research}
}
@article{lohmann2022,
	title        = {{Do carbon footprint labels promote climatarian diets? Evidence from a large-scale field experiment}},
	author       = {Lohmann, Paul M and Gsottbauer, Elisabeth and Doherty, Anya and Kontoleon, Andreas},
	year         = 2022,
	journal      = {Journal of Environmental Economics and Management},
	publisher    = {Elsevier},
	volume       = 114,
	pages        = 102693
}
@article{loschelder2019,
	title        = {{Dynamic norms drive sustainable consumption: Norm-based nudging helps caf\'e customers to avoid disposable to-go-cups}},
	author       = {Loschelder, David D and Siepelmeyer, Henrik and Fischer, Daniel and Rubel, Julian A},
	year         = 2019,
	journal      = {Journal of Economic Psychology},
	publisher    = {Elsevier},
	volume       = 75,
	pages        = 102146
}
@article{loy2016,
	title        = {{Supporting sustainable food consumption: Mental contrasting with implementation intentions (MCII) aligns intentions and behavior}},
	author       = {Loy, Laura S and Wieber, Frank and Gollwitzer, Peter M and Oettingen, Gabriele},
	year         = 2016,
	journal      = {Frontiers in psychology},
	publisher    = {Frontiers Media SA},
	volume       = 7,
	pages        = 607
}
@article{lusk2009,
	title        = {{Some economic benefits and costs of vegetarianism}},
	author       = {Lusk, Jayson L and Norwood, F Bailey},
	year         = 2009,
	journal      = {Agricultural and Resource Economics Review},
	publisher    = {Cambridge University Press},
	volume       = 38,
	number       = 2,
	pages        = {109--124}
}
@article{mathur2021effectiveness,
	title        = {{Effectiveness of a theory-informed documentary to reduce consumption of meat and animal products: three randomized controlled experiments}},
	author       = {Mathur, Maya B and Peacock, Jacob R and Robinson, Thomas N and Gardner, Christopher D},
	year         = 2021,
	journal      = {Nutrients},
	publisher    = {MDPI},
	volume       = 13,
	number       = 12,
	pages        = 4555
}
@article{mathur2021meta,
	title        = {{Interventions to reduce meat consumption by appealing to animal welfare: Meta-analysis and evidence-based recommendations}},
	author       = {Mathur, Maya B and Peacock, Jacob and Reichling, David B and Nadler, Janice and Bain, Paul A and Gardner, Christopher D and Robinson, Thomas N},
	year         = 2021,
	journal      = {Appetite},
	publisher    = {Elsevier},
	volume       = 164,
	pages        = 105277
}
@article{mathur2022,
	title        = {{Methods to address confounding and other biases in meta-analyses: review and recommendations}},
	author       = {Mathur, Maya B and VanderWeele, Tyler J},
	year         = 2022,
	journal      = {Annual review of public health},
	publisher    = {Annual Reviews},
	volume       = 43,
	pages        = {19--35}
}
@article{mathur2022ethical,
	title        = {{Ethical drawbacks of sustainable meat choices}},
	author       = {Mathur, Maya B},
	year         = 2022,
	journal      = {Science},
	publisher    = {American Association for the Advancement of Science},
	volume       = 375,
	number       = 6587,
	pages        = {1362--1362}
}
@phdthesis{mattson2020,
	title        = {{Analyzing the effectiveness of a meatless monday intervention on meat consumption and associated pro-environmental spillover behavior throughout the week}},
	author       = {Mattson, Stephen},
	year         = 2020,
	school       = {The Ohio State University}
}
@article{mcclain2013,
	title        = {{Incorporating prototyping and iteration into intervention development: a case study of a dining hall--based intervention}},
	author       = {McClain, Arianna D and Hekler, Eric B and Gardner, Christopher D},
	year         = 2013,
	journal      = {Journal of American College Health},
	publisher    = {Taylor \& Francis},
	volume       = 61,
	number       = 2,
	pages        = {122--131}
}
@article{meier2022,
	title        = {{Do green defaults reduce meat consumption?}},
	author       = {Meier, Johanna and Andor, Mark A and Doebbe, Friederike C and Haddaway, Neal R and Reisch, Lucia A},
	year         = 2022,
	journal      = {Food Policy},
	publisher    = {Elsevier},
	volume       = 110,
	pages        = 102298
}
@article{merrill2009,
	title        = {{Consequences of a plant-based diet with low dairy consumption on intake of bone-relevant nutrients}},
	author       = {Merrill, Ray M and Aldana, Steven G},
	year         = 2009,
	journal      = {Journal of women's health},
	publisher    = {Mary Ann Liebert, Inc. 140 Huguenot Street, 3rd Floor New Rochelle, NY 10801 USA},
	volume       = 18,
	number       = 5,
	pages        = {691--698}
}
@article{merritt2010,
	title        = {{Moral self-licensing: When being good frees us to be bad}},
	author       = {Merritt, Anna C and Effron, Daniel A and Monin, Beno{\^\i}t},
	year         = 2010,
	journal      = {Social and personality psychology compass},
	publisher    = {Wiley Online Library},
	volume       = 4,
	number       = 5,
	pages        = {344--357}
}
@article{mertens2022,
	title        = {{The effectiveness of nudging: A meta-analysis of choice architecture interventions across behavioral domains}},
	author       = {Mertens, Stephanie and Herberz, Mario and Hahnel, Ulf JJ and Brosch, Tobias},
	year         = 2022,
	journal      = {Proceedings of the National Academy of Sciences},
	publisher    = {National Acad Sciences},
	volume       = 119,
	number       = 1,
	pages        = {e2107346118}
}
@article{michielsen2022,
	title        = {{Backlash against meat curtailment policies in online discourse: Populism as a missing link}},
	author       = {Michielsen, Yolie JE and van der Horst, Hilje M},
	year         = 2022,
	journal      = {Appetite},
	publisher    = {Elsevier},
	volume       = 171,
	pages        = 105931
}
@article{milkman2021,
	title        = {{Megastudies improve the impact of applied behavioural science}},
	author       = {Milkman, Katherine L and Gromet, Dena and Ho, Hung and Kay, Joseph S and Lee, Timothy W and Pandiloski, Pepi and Park, Yeji and Rai, Aneesh and Bazerman, Max and Beshears, John and others},
	year         = 2021,
	journal      = {Nature},
	publisher    = {Nature Publishing Group UK London},
	volume       = 600,
	number       = 7889,
	pages        = {478--483}
}
@article{milkman2021megastudy,
	title        = {{A megastudy of text-based nudges encouraging patients to get vaccinated at an upcoming doctor's appointment}},
	author       = {Milkman, Katherine L and Patel, Mitesh S and Gandhi, Linnea and Graci, Heather N and Gromet, Dena M and Ho, Hung and Kay, Joseph S and Lee, Timothy W and Akinola, Modupe and Beshears, John and others},
	year         = 2021,
	journal      = {Proceedings of the National Academy of Sciences},
	publisher    = {National Acad Sciences},
	volume       = 118,
	number       = 20,
	pages        = {e2101165118}
}
@article{mols2015,
	title        = {{Why a nudge is not enough: A social identity critique of governance by stealth}},
	author       = {Mols, Frank and Haslam, S Alexander and Jetten, Jolanda and Steffens, Niklas K},
	year         = 2015,
	journal      = {European Journal of Political Research},
	publisher    = {Wiley Online Library},
	volume       = 54,
	number       = 1,
	pages        = {81--98}
}
@article{morren2021,
	title        = {{Changing diets-Testing the impact of knowledge and information nudges on sustainable dietary choices}},
	author       = {Morren, Meike and Mol, Jantsje M and Blasch, Julia E and Malek, {\v{Z}}iga},
	year         = 2021,
	journal      = {Journal of Environmental Psychology},
	publisher    = {Elsevier},
	volume       = 75,
	pages        = 101610
}
@misc{norris2014,
	title        = {{Booklet Comparison Study - Pay Per Read \#1 Dec 2014}},
	author       = {Jack Norris},
	year         = 2014,
	month        = 12,
	day          = 15,
	note         = {Accessed: 2023-11-20},
	howpublished = {\url{https://veganoutreach.org/pay-per-read-study-results/}}
}
@phdthesis{novatna2019,
	title        = {{The Influence of Movie on Behavioral Change in Individual Meat and Dairy Products Consumption}},
	author       = {Novatn\'{a}, Aneta},
	year         = 2019,
	address      = {Brno, Czech Republic},
	url          = {https://is.muni.cz/th/cfyr2/Novotna\%5Fbakalarska\%5Fprace.pdf},
	urldate      = {2020-12-01},
	note         = {Unpublished},
	school       = {Masaryk University}
}
@misc{olafsson2024,
	title        = {{Tactics In Practice: The Science Of Plant-Based Defaults And Nudges}},
	author       = {\'{O}lafsson, Bj\"{o}rn},
	year         = 2024,
	url          = {https://faunalytics.org/tactics-in-practice-the-science-of-plant-based-defaults-and-nudges/},
	urldate      = {Accessed: 2024-08-01},
	note         = {Published by Faunalytics},
	howpublished = {Online}
}
@article{paluck2019,
	title        = {{The contact hypothesis re-evaluated}},
	author       = {Paluck, Elizabeth Levy and Green, Seth A and Green, Donald P},
	year         = 2019,
	journal      = {Behavioural Public Policy},
	publisher    = {Cambridge University Press},
	volume       = 3,
	number       = 2,
	pages        = {129--158}
}
@article{paluck2021,
	title        = {{Prejudice reduction: Progress and challenges}},
	author       = {Paluck, Elizabeth Levy and Porat, Roni and Clark, Chelsey S and Green, Donald P},
	year         = 2021,
	journal      = {Annual review of psychology},
	publisher    = {Annual Reviews},
	volume       = 72,
	pages        = {533--560}
}
@techreport{peacock2017,
	title        = {{Which Request Creates the Most Diet Change: A Reanalysis}},
	author       = {Peacock, Jacob and Sethu, Harish},
	year         = 2017,
	institution  = {Technical Report 2020. Publisher: Open Science Framework}
}
@article{perino2022,
	title        = {{Meaty arguments and fishy effects: field experimental evidence on the impact of reasons to reduce meat consumption}},
	author       = {Perino, Grischa and Schwirplies, Claudia},
	year         = 2022,
	journal      = {Journal of Environmental Economics and Management},
	publisher    = {Elsevier},
	volume       = 114,
	pages        = 102667
}
@article{piazza2022,
	title        = {{Monitoring a meat-free pledge with smartphones: an experimental study}},
	author       = {Piazza, Jared and Gregson, Rebecca and Kordoni, Anastasia and Pfeiler, Tamara M and Ruby, Matthew B and Ellis, David A and Sahin, Ensu and Reith, Maren},
	year         = 2022,
	journal      = {Appetite},
	publisher    = {Elsevier},
	volume       = 168,
	pages        = 105726
}
@article{piester2020,
	title        = {{``I'll try the veggie burger'': Increasing purchases of sustainable foods with information about sustainability and taste}},
	author       = {Piester, Hannah E and DeRieux, Christine M and Tucker, Jane and Buttrick, Nicholas R and Galloway, James N and Wilson, Timothy D},
	year         = 2020,
	journal      = {Appetite},
	publisher    = {Elsevier},
	volume       = 155,
	pages        = 104842
}
@misc{polanco2021,
	title        = {{The relative effectiveness of different approaches to animal advocacy}},
	author       = {Polanco, A and Parry, J and Anderson, J},
	year         = 2021,
	publisher    = {OSF},
	note         = {Available at: \url{https://osf.io/3aryn}}
}
@misc{polanco2022,
	title        = {{Planting Seeds: The Impact Of Diet \& Different Animal Advocacy Tactics}},
	author       = {Polanco, Andrea and Parry, Jamie and Anderson, Jo},
	year         = 2022,
	publisher    = {Faunalytics},
	note         = {Available at: \url{https://osf.io/ztb3v}}
}
@article{porat2024,
	title        = {{Preventing Sexual Violence -- A Behavioral Problem Without a Behaviorally-Informed Solution}},
	author       = {Porat, Roni and Gantman, Ana and Paluck, Elizabeth Levy and Green, Seth A. and Pezzuto, John-Henry},
	year         = 2024,
	journal      = {Psychological Science in the Public Interest},
	publisher    = {Association for Psychological Science},
	volume       = 25,
	number       = 1,
	pages        = {1--30}
}
@article{rees2018,
	title        = {{Breaking the habit: on the highly habitualized nature of meat consumption and implementation intentions as one effective way of reducing it}},
	author       = {Rees, Jonas H and Bamberg, Sebastian and J{\"a}ger, Andreas and Victor, Lennart and Bergmeyer, Minja and Friese, Malte},
	year         = 2018,
	journal      = {Basic and Applied Social Psychology},
	publisher    = {Taylor \& Francis},
	volume       = 40,
	number       = 3,
	pages        = {136--147}
}
@article{reinders2017,
	title        = {{Menu-engineering in restaurants-adapting portion sizes on plates to enhance vegetable consumption: a real-life experiment}},
	author       = {Reinders, Machiel J and Huitink, Marlijn and Dijkstra, S Coosje and Maaskant, Anna J and Heijnen, Joris},
	year         = 2017,
	journal      = {International Journal of Behavioral Nutrition and Physical Activity},
	publisher    = {Springer},
	volume       = 14,
	pages        = {1--11}
}
@manual{Rlang,
	title        = {{R: A Language and Environment for Statistical Computing}},
	author       = {R Core Team},
	year         = 2021,
	address      = {Vienna, Austria},
	url          = {https://www.R-project.org/},
	organization = {R Foundation for Statistical Computing}
}
@article{ronto2022,
	title        = {{Identifying effective interventions to promote consumption of protein-rich foods from lower ecological footprint sources: A systematic literature review}},
	author       = {Ronto, Rimante and Saberi, Golsa and Leila Robbers, Gianna Maxi and Godrich, Stephanie and Lawrence, Mark and Somerset, Shawn and Fanzo, Jessica and Chau, Josephine Y},
	year         = 2022,
	journal      = {PLOS Global Public Health},
	publisher    = {Public Library of Science San Francisco, CA USA},
	volume       = 2,
	number       = 3,
	pages        = {e0000209}
}
@article{rosenfeld2018,
	title        = {{The psychology of vegetarianism: Recent advances and future directions}},
	author       = {Rosenfeld, Daniel L},
	year         = 2018,
	journal      = {Appetite},
	publisher    = {Elsevier},
	volume       = 131,
	pages        = {125--138}
}
@article{rosenthal1979,
	title        = {{The file drawer problem and tolerance for null results.}},
	author       = {Rosenthal, Robert},
	year         = 1979,
	journal      = {Psychological bulletin},
	publisher    = {American Psychological Association},
	volume       = 86,
	number       = 3,
	pages        = 638
}
@article{scarborough2023,
	title        = {{Vegans, vegetarians, fish-eaters and meat-eaters in the UK show discrepant environmental impacts}},
	author       = {Scarborough, Peter and Clark, Michael and Cobiac, Linda and Papier, Keren and Knuppel, Anika and Lynch, John and Harrington, Richard and Key, Tim and Springmann, Marco},
	year         = 2023,
	journal      = {Nature Food},
	publisher    = {Nature Publishing Group},
	volume       = 4,
	number       = 7,
	pages        = {565--574}
}
@article{schatzkin2000,
	title        = {{Lack of effect of a low-fat, high-fiber diet on the recurrence of colorectal adenomas}},
	author       = {Schatzkin, Arthur and Lanza, Elaine and Corle, Donald and Lance, Peter and Iber, Frank and Caan, Bette and Shike, Moshe and Weissfeld, Joel and Burt, Randall and Cooper, M Robert and others},
	year         = 2000,
	journal      = {New England Journal of Medicine},
	publisher    = {Mass Medical Soc},
	volume       = 342,
	number       = 16,
	pages        = {1149--1155}
}
@article{schoeller2013,
	title        = {{Self-report--based estimates of energy intake offer an inadequate basis for scientific conclusions}},
	author       = {Schoeller, Dale A and Thomas, Diana and Archer, Edward and Heymsfield, Steven B and Blair, Steven N and Goran, Michael I and Hill, James O and Atkinson, Richard L and Corkey, Barbara E and Foreyt, John and others},
	year         = 2013,
	journal      = {The American journal of clinical nutrition},
	publisher    = {American Society for Nutrition},
	volume       = 97,
	number       = 6,
	pages        = 1413
}
@article{selinger2012,
	title        = {{What counts as a nudge?}},
	author       = {Selinger, Evan and Whyte, Kyle Powys},
	year         = 2012,
	journal      = {The American Journal of Bioethics},
	publisher    = {Taylor \& Francis},
	volume       = 12,
	number       = 2,
	pages        = {11--12}
}
@article{shreedhar2021,
	title        = {{Personal or planetary health? Direct, spillover and carryover effects of non-monetary benefits of vegetarian behaviour}},
	author       = {Shreedhar, Ganga and Galizzi, Matteo M},
	year         = 2021,
	journal      = {Journal of Environmental Psychology},
	publisher    = {Elsevier},
	volume       = 78,
	pages        = 101710
}
@article{simonsohn2022,
	title        = {{Above averaging in literature reviews}},
	author       = {Simonsohn, Uri and Simmons, Joseph and Nelson, Leif D},
	year         = 2022,
	journal      = {Nature Reviews Psychology},
	publisher    = {Nature Publishing Group US New York},
	volume       = 1,
	number       = 10,
	pages        = {551--552}
}
@book{singer2023,
	title        = {{Animal liberation now}},
	author       = {Singer, Peter},
	year         = 2023,
	publisher    = {Random House}
}
@article{slingenbergh2004,
	title        = {{Ecological sources of zoonotic diseases}},
	author       = {Slingenbergh, Jan and Gilbert, Marius and Balogh, K de and Wint, William},
	year         = 2004,
	journal      = {Revue scientifique et technique-Office international des {\'e}pizooties},
	publisher    = {Paris: L'Office, 1982-},
	volume       = 23,
	number       = 2,
	pages        = {467--484}
}
@article{slough2021,
	title        = {{Adoption of community monitoring improves common pool resource management across contexts}},
	author       = {Slough, Tara and Rubenson, Daniel and Levy, Ro'ee and Alpizar Rodriguez, Francisco and Bernedo del Carpio, Mar{\'\i}a and Buntaine, Mark T and Christensen, Darin and Cooperman, Alicia and Eisenbarth, Sabrina and Ferraro, Paul J and others},
	year         = 2021,
	journal      = {Proceedings of the National Academy of Sciences},
	publisher    = {National Acad Sciences},
	volume       = 118,
	number       = 29,
	pages        = {e2015367118}
}
@article{slough2023,
	title        = {{External Validity and Meta-Analysis}},
	author       = {Slough, Tara and Tyson, Scott A},
	year         = 2023,
	journal      = {American Journal of Political Science},
	publisher    = {Wiley Online Library},
	volume       = 67,
	number       = 2,
	pages        = {440--455}
}
@article{sorensen2005,
	title        = {{Promoting behavior change among working-class, multiethnic workers: results of the healthy directions--small business study}},
	author       = {Sorensen, Glorian and Barbeau, Elizabeth and Stoddard, Anne M and Hunt, Mary Kay and Kaphingst, Kimberly and Wallace, Lorraine},
	year         = 2005,
	journal      = {American Journal of Public Health},
	publisher    = {American Public Health Association},
	volume       = 95,
	number       = 8,
	pages        = {1389--1395}
}
@article{sparkman2017,
	title        = {{Dynamic norms promote sustainable behavior, even if it is counternormative}},
	author       = {Sparkman, Gregg and Walton, Gregory M},
	year         = 2017,
	journal      = {Psychological science},
	publisher    = {Sage Publications Sage CA: Los Angeles, CA},
	volume       = 28,
	number       = 11,
	pages        = {1663--1674}
}
@article{sparkman2020,
	title        = {{Developing a scalable dynamic norm menu-based intervention to reduce meat consumption}},
	author       = {Sparkman, Gregg and Weitz, Elizabeth and Robinson, Thomas N and Malhotra, Neil and Walton, Gregory M},
	year         = 2020,
	journal      = {Sustainability},
	publisher    = {MDPI},
	volume       = 12,
	number       = 6,
	pages        = 2453
}
@article{sparkman2021,
	title        = {{Cut back or give it up? The effectiveness of reduce and eliminate appeals and dynamic norm messaging to curb meat consumption}},
	author       = {Sparkman, Gregg and Macdonald, Bobbie NJ and Caldwell, Krystal D and Kateman, Brian and Boese, Gregory D},
	year         = 2021,
	journal      = {Journal of Environmental Psychology},
	publisher    = {Elsevier},
	volume       = 75,
	pages        = 101592
}
@article{springmann2018,
	title        = {{Health-motivated taxes on red and processed meat: A modelling study on optimal tax levels and associated health impacts}},
	author       = {Springmann, Marco and Mason-D'Croz, Daniel and Robinson, Sherman and Wiebe, Keith and Godfray, H Charles J and Rayner, Mike and Scarborough, Peter},
	year         = 2018,
	journal      = {PloS one},
	publisher    = {Public Library of Science San Francisco, CA USA},
	volume       = 13,
	number       = 11,
	pages        = {e0204139}
}
@article{stevenson2023,
	title        = {{Cause, Effect, and the Structure of the Social World}},
	author       = {Stevenson, Megan T},
	year         = 2023,
	journal      = {Available at SSRN}
}
@article{szaszi2018,
	title        = {{A systematic scoping review of the choice architecture movement: Toward understanding when and why nudges work}},
	author       = {Szaszi, Barnabas and Palinkas, Anna and Palfi, Bence and Szollosi, Aba and Aczel, Balazs},
	year         = 2018,
	journal      = {Journal of Behavioral Decision Making},
	publisher    = {Wiley Online Library},
	volume       = 31,
	number       = 3,
	pages        = {355--366}
}
@article{thaler2003,
	title        = {{Libertarian paternalism}},
	author       = {Thaler, Richard H and Sunstein, Cass R},
	year         = 2003,
	journal      = {American economic review},
	publisher    = {American Economic Association},
	volume       = 93,
	number       = 2,
	pages        = {175--179}
}
@book{thaler2009,
	title        = {{Nudge: Improving decisions about health, wealth, and happiness}},
	author       = {Thaler, Richard H and Sunstein, Cass R},
	year         = 2009,
	publisher    = {Penguin}
}
@article{thornton2000,
	title        = {{Publication bias in meta-analysis: its causes and consequences}},
	author       = {Thornton, Alison and Lee, Peter},
	year         = 2000,
	journal      = {Journal of clinical epidemiology},
	publisher    = {Elsevier},
	volume       = 53,
	number       = 2,
	pages        = {207--216}
}
@article{trewern2022,
	title        = {{Does promoting plant-based products in Veganuary lead to increased sales, and a reduction in meat sales? A natural experiment in a supermarket setting}},
	author       = {Trewern, Joanna and Chenoweth, Jonathan and Christie, Ian and Halevy, Sarah},
	year         = 2022,
	journal      = {Public health nutrition},
	publisher    = {Cambridge University Press},
	volume       = 25,
	number       = 11,
	pages        = {3204--3214}
}
@article{vlaeminck2014,
	title        = {{Food labeling and eco-friendly consumption: Experimental evidence from a Belgian supermarket}},
	author       = {Vlaeminck, Pieter and Jiang, Ting and Vranken, Liesbet},
	year         = 2014,
	journal      = {Ecological Economics},
	publisher    = {Elsevier},
	volume       = 108,
	pages        = {180--190}
}
@article{vlasceanu2024,
	title        = {{Addressing climate change with behavioral science: A global intervention tournament in 63 countries}},
	author       = {Vlasceanu, Madalina and Doell, Kimberly C and Bak-Coleman, Joseph B and Todorova, Boryana and Berkebile-Weinberg, Michael M and Grayson, Samantha J and Patel, Yash and Goldwert, Danielle and Pei, Yifei and Chakroff, Alek and others},
	year         = 2024,
	journal      = {Science advances},
	publisher    = {American Association for the Advancement of Science},
	volume       = 10,
	number       = 6,
	pages        = {eadj5778}
}
@article{vocski2024,
	title        = {{Effect of a default portion-size reduction on meat consumption and diner satisfaction: Controlled experiments in Stanford University dining halls}},
	author       = {Vo{\c{s}}ki, Ana{\"\i}s and Braginsky, Mika and Zhang, Amy and Bertoldo, Jackie and Egan, Sophie and Levig, Lee Alan and Ihrig, Michelle Mueller and Mathur, Maya},
	year         = 2024,
	publisher    = {OSF}
}
@article{webster2001,
	title        = {{Farm animal welfare: the five freedoms and the free market}},
	author       = {Webster, Anthony JF},
	year         = 2001,
	journal      = {The veterinary journal},
	publisher    = {Elsevier},
	volume       = 161,
	number       = 3,
	pages        = {229--237}
}
@misc{Weikertova2024,
	title        = {{Dynamic Norms Do Not Promote Vegetarian Food Preferences: Two Experiments and a Meta-Analysis}},
	author       = {Weikertov{\'a}, {\v{S}}t{\v{e}}p{\'a}nka and Urban, Jan},
	year         = 2024,
	publisher    = {OSF},
	note         = {Available at: \url{https://doi.org/10.31234/osf.io/qfn6y}}
}
@article{weimer2022,
	title        = {{The Effect of Nudging in Promoting the Consumption of Organic Fruits and Vegetables}},
	author       = {Weimer, Kerstin and Ahlstr{\"o}m, Richard and Esteves, Francisco},
	year         = 2022,
	journal      = {Frontiers in Psychology},
	publisher    = {Frontiers},
	volume       = 13,
	pages        = 720606
}
@article{weingarten2022,
	title        = {{Can information influence meat consumption behaviour? An experimental field study in the university canteen}},
	author       = {Weingarten, Nina and Meraner, Manuela and Bach, Leonie and Hartmann, Monika},
	year         = 2022,
	journal      = {Food Quality and Preference},
	publisher    = {Elsevier},
	volume       = 97,
	pages        = 104498
}
@article{wicherts2016,
	title        = {{Degrees of freedom in planning, running, analyzing, and reporting psychological studies: A checklist to avoid p-hacking}},
	author       = {Wicherts, Jelte M and Veldkamp, Coosje LS and Augusteijn, Hilde EM and Bakker, Marjan and Van Aert, Robbie and Van Assen, Marcel ALM},
	year         = 2016,
	journal      = {Frontiers in psychology},
	publisher    = {Frontiers},
	pages        = 1832
}
@article{wickham2019,
	title        = {{Welcome to the Tidyverse}},
	author       = {Wickham, Hadley and Averick, Mara and Bryan, Jennifer and Chang, Winston and McGowan, Lucy D'Agostino and Fran{\c{c}}ois, Romain and Grolemund, Garrett and Hayes, Alex and Henry, Lionel and Hester, Jim and others},
	year         = 2019,
	journal      = {Journal of open source software},
	volume       = 4,
	number       = 43,
	pages        = 1686
}
@article{willett2019,
	title        = {{Food in the Anthropocene: the EAT--Lancet Commission on healthy diets from sustainable food systems}},
	author       = {Willett, Walter and Rockstr{\"o}m, Johan and Loken, Brent and Springmann, Marco and Lang, Tim and Vermeulen, Sonja and Garnett, Tara and Tilman, David and DeClerck, Fabrice and Wood, Amanda and others},
	year         = 2019,
	journal      = {The lancet},
	publisher    = {Elsevier},
	volume       = 393,
	number       = 10170,
	pages        = {447--492}
}
@article{wolstenholme2020,
	title        = {{Two birds, one stone: The effectiveness of health and environmental messages to reduce meat consumption and encourage pro-environmental behavioral spillover}},
	author       = {Wolstenholme, Emily and Poortinga, Wouter and Whitmarsh, Lorraine},
	year         = 2020,
	journal      = {Frontiers in psychology},
	publisher    = {Frontiers Media SA},
	volume       = 11,
	pages        = 577111
}
@article{wynes2018,
	title        = {{Measuring what works: quantifying greenhouse gas emission reductions of behavioural interventions to reduce driving, meat consumption, and household energy use}},
	author       = {Wynes, Seth and Nicholas, Kimberly A and Zhao, Jiaying and Donner, Simon D},
	year         = 2018,
	journal      = {Environmental Research Letters},
	publisher    = {IOP Publishing},
	volume       = 13,
	number       = 11,
	pages        = 113002
}
@article{yeates2011,
	title        = {{Is welfare all that matters? A discussion of what should be included in policy-making regarding animals}},
	author       = {Yeates, JW and R{\"o}cklinsberg, H and Gjerris, M},
	year         = 2011,
	journal      = {Animal Welfare},
	publisher    = {Cambridge University Press},
	volume       = 20,
	number       = 3,
	pages        = {423--432}
}
