@article{abrahamse2007,
	title        = {The effect of tailored information, goal setting, and tailored feedback on household energy use, energy-related behaviors, and behavioral antecedents},
	author       = {Abrahamse, Wokje and Steg, Linda and Vlek, Charles and Rothengatter, Talib},
	year         = 2007,
	journal      = {Journal of environmental psychology},
	publisher    = {Elsevier},
	volume       = 27,
	number       = 4,
	pages        = {265--276}
}
@article{alblas2023,
	title        = {“Meat” me in the middle: the potential of a social norm feedback intervention in the context of meat consumption--a conceptual replication},
	author       = {Alblas, Monique C and Meijers, Marijn HC and de Groot, Heleen E and Mollen, Saar},
	year         = 2023,
	journal      = {Environmental Communication},
	publisher    = {Taylor \& Francis},
	volume       = 17,
	number       = 8,
	pages        = {991--1003}
}
@article{aldoh2023,
	title        = {Dynamic norms and visual cues: A registered report},
	author       = {Aldoh, Alaa and Sparks, Paul and Harris, Peter Richard},
	year         = 2023,
	publisher    = {PsyArXiv}
}
@article{allen2002,
	title        = {Manipulating the symbolic meaning of meat to encourage greater acceptance of fruits and vegetables and less proclivity for red and white meat},
	author       = {Allen, Michael W and Baines, Surinder},
	year         = 2002,
	journal      = {Appetite},
	publisher    = {Elsevier},
	volume       = 38,
	number       = 2,
	pages        = {118--130}
}
@article{andersson2021,
	title        = {Nudge the lunch: A field experiment testing menu-primacy effects on lunch choices},
	author       = {Andersson, Ola and Nelander, Lif},
	year         = 2021,
	journal      = {Games},
	publisher    = {MDPI},
	volume       = 12,
	number       = 1,
	pages        = 2
}
@article{acharya2004,
  title={Nutritional changes among premenopausal women undertaking a soya based dietary intervention study in Hawaii},
  author={Acharya, S and Maskarinec, G and Williams, AE and Oshiro, C and Hebshi, S and Murphy, SP},
  journal={Journal of human nutrition and dietetics},
  volume={17},
  number={5},
  pages={413--419},
  year={2004},
  publisher={Wiley Online Library}
}
@article{berndsen2005,
  title={Risks of meat: The relative impact of cognitive, affective and moral concerns},
  author={Berndsen, Mari{\"e}tte and Van Der Pligt, Joop},
  journal={Appetite},
  volume={44},
  number={2},
  pages={195--205},
  year={2005},
  publisher={Elsevier}
}
@article{bertolaso2015,
  title={Investigating the effectiveness of message framing and regulatory fit in increasing positive animal attitude and reducing animal products consumption: A study for animal equality},
  author={Bertolaso, Carolina},
  journal={A study for animal equality},
  year={2015}
}
@article{bianchi2022,
	title        = {Replacing meat with alternative plant-based products (RE-MAP): a randomized controlled trial of a multicomponent behavioral intervention to reduce meat consumption},
	author       = {Bianchi, Filippo and Stewart, Cristina and Astbury, Nerys M and Cook, Brian and Aveyard, Paul and Jebb, Susan A},
	year         = 2022,
	journal      = {The American Journal of Clinical Nutrition},
	publisher    = {Elsevier},
	volume       = 115,
	number       = 5,
	pages        = {1357--1366}
}
@mastersthesis{bochmann2017,
	title        = {Do Pro-Vegetarian Online Ads Make a Difference? Meat Eaters’ Personalities and the Stability of Meat Consumption and Carnism},
	author       = {Linda Bochmann},
	year         = 2017,
	month        = {November},
	day          = {09},
	address      = {Goettingen},
	note         = {First Examiner: Dr. Tanja Gerlach, Second Examiner: Prof. Dr. Lars Penke, Supervisor: Christoph von Borell},
	school       = {Georg-August University of Goettingen},
	type         = {Bachelor's Thesis}
}
@article{bschaden2020,
  title={Effects of a documentary on consumer perception of the environmental impact of meat consumption},
  author={Bschaden, Andreas and Mandarano, Eduardo and Stroebele-Benschop, Nanette},
  journal={British food journal},
  volume={123},
  number={1},
  pages={177--189},
  year={2020},
  publisher={Emerald Publishing Limited}
}
@article{carfora2023,
  title={Legumes or Meat? The effectiveness of recommendation messages towards a plant-based diet depends on people’s identification with flexitarians},
  author={Carfora, Valentina and Catellani, Patrizia},
  journal={Nutrients},
  volume={15},
  number={1},
  pages={15},
  year={2023},
  publisher={MDPI}
}
@article{coker2022,
	title        = {A dynamic social norm messaging intervention to reduce meat consumption: A randomized cross-over trial in retail store restaurants},
	author       = {{\c{C}}oker, Elif Naz and Pechey, Rachel and Frie, Kerstin and Jebb, Susan A and Stewart, Cristina and Higgs, Suzanne and Cook, Brian},
	year         = 2022,
	journal      = {Appetite},
	publisher    = {Elsevier},
	volume       = 169,
	pages        = 105824
}
@techreport{Cooney2016,
	title        = {Do Online Videos of Farmed Animal Cruelty Change People’s Diets and Attitudes?},
	author       = {Nick Cooney},
	year         = 2016,
	month        = {March},
	url          = {https://mercyforanimals.org/impact-study},
	institution  = {Mercy For Animals},
	type         = {Tech. Rep.}
}
@phdthesis{fehrenbach2015,
	title        = {Designing messages to reduce meat consumption: A test of the extended parallel process model},
	author       = {Fehrenbach, Keri Szejda},
	year         = 2015,
	publisher    = {Arizona State University}
}
@article{feltz2022,
	title        = {Educational interventions and animal consumption: Results from lab and field studies},
	author       = {Feltz, Adam and Caton, Jacob N and Cogley, Zac and Engel Jr, Mylan and Feltz, Silke and Ilea, Ramona and Johnson, L Syd M and Offer-Westort, Tom and Tuvel, Rebecca},
	year         = 2022,
	journal      = {Appetite},
	publisher    = {Elsevier},
	volume       = 173,
	pages        = 105981
}
@article{griesoph2021,
  title={Guess what…?—How guessed norms nudge climate-friendly food choices in real-life settings},
  author={Griesoph, Amelie and Hoffmann, Stefan and Merk, Christine and Rehdanz, Katrin and Schmidt, Ulrich},
  journal={Sustainability},
  volume={13},
  number={15},
  pages={8669},
  year={2021},
  publisher={MDPI}
}
@article{haile2021,
	title        = {Changing hearts and plates: The effect of animal-advocacy pamphlets on meat consumption},
	author       = {Haile, Menbere and Jalil, Andrew and Tasoff, Joshua and Vargas Bustamante, Arturo},
	year         = 2021,
	journal      = {Frontiers in Psychology},
	publisher    = {Frontiers},
	volume       = 12,
	pages        = 668674
}
@article{hatami2018,
  title={Effect of multimedia education on nutritional behaviour for colorectal cancer prevention: An application of health belief model},
  author={Hatami, Tooba and Noroozi, Azita and Tahmasebi, Rahim and Rahbar, Alireza},
  journal={The Malaysian journal of medical sciences: MJMS},
  volume={25},
  number={6},
  pages={110},
  year={2018},
  publisher={School of Medical Sciences, Universiti Sains Malaysia}
}
@phdthesis{hennessy2016,
	title        = {The impact of information on animal product consumption},
	author       = {Hennessy, Sean R},
	year         = 2016,
	school       = {University of Illinois at Urbana-Champaign}
}
@article{jalil2023,
	title        = {Low-cost climate-change informational intervention reduces meat consumption among students for 3 years},
	author       = {Jalil, Andrew J and Tasoff, Joshua and Bustamante, Arturo Vargas},
	year         = 2023,
	journal      = {Nature Food},
	publisher    = {Nature Publishing Group UK London},
	volume       = 4,
	number       = 3,
	pages        = {218--222}
}
@article{kanchanachitra2020,
  title={Nudge interventions to reduce fish sauce consumption in Thailand},
  author={Kanchanachitra, Manasigan and Chamchan, Chalermpol and Kanchanachitra, Churnrurtai and Suttikasem, Kanyapat and Gunn, Laura and Vlaev, Ivo},
  journal={PloS one},
  volume={15},
  number={9},
  pages={e0238642},
  year={2020},
  publisher={Public Library of Science San Francisco, CA USA}
}
@article{mathur2021effectiveness,
	title        = {{Effectiveness of a theory-informed documentary to reduce consumption of meat and animal products: three randomized controlled experiments}},
	author       = {Mathur, Maya B and Peacock, Jacob R and Robinson, Thomas N and Gardner, Christopher D},
	year         = 2021,
	journal      = {Nutrients},
	publisher    = {MDPI},
	volume       = 13,
	number       = 12,
	pages        = 4555
}
@phdthesis{mattson2020,
  title={Analyzing the effectiveness of a meatless monday intervention on meat consumption and associated pro-environmental spillover behavior throughout the week},
  author={Mattson, Stephen},
  year={2020},
  school={The Ohio State University}
}
@article{merrill2009,
  title={Consequences of a plant-based diet with low dairy consumption on intake of bone-relevant nutrients},
  author={Merrill, Ray M and Aldana, Steven G},
  journal={Journal of women's health},
  volume={18},
  number={5},
  pages={691--698},
  year={2009},
  publisher={Mary Ann Liebert, Inc. 140 Huguenot Street, 3rd Floor New Rochelle, NY 10801 USA}
}
@misc{norris2014,
	title        = {{Booklet Comparison Study - Pay Per Read \#1 Dec 2014}},
	author       = {Jack Norris},
	year         = 2014,
	month        = 12,
	day          = 15,
	note         = {Accessed: 2023-11-20},
	howpublished = {\url{https://veganoutreach.org/pay-per-read-study-results/}}
}
@techreport{peacock2017,
	title        = {Which Request Creates the Most Diet Change: A Reanalysis},
	author       = {Peacock, Jacob and Sethu, Harish},
	year         = 2017,
	institution  = {Technical Report 2020. Publisher: Open Science Framework}
}
@article{piester2020,
	title        = {“I'll try the veggie burger”: Increasing purchases of sustainable foods with information about sustainability and taste},
	author       = {Piester, Hannah E and DeRieux, Christine M and Tucker, Jane and Buttrick, Nicholas R and Galloway, James N and Wilson, Timothy D},
	year         = 2020,
	journal      = {Appetite},
	publisher    = {Elsevier},
	volume       = 155,
	pages        = 104842
}
@misc{polanco2022,
  title       = {{Planting Seeds: The Impact Of Diet \& Different Animal Advocacy Tactics}},
  author      = {Polanco, Andrea and Parry, Jamie and Anderson, Jo},
  year        = {2022},
  publisher   = {Faunalytics},
  url         = {https://osf.io/ztb3v}
}
@article{sparkman2017,
	title        = {{Dynamic norms promote sustainable behavior, even if it is counternormative}},
	author       = {Sparkman, Gregg and Walton, Gregory M},
	year         = 2017,
	journal      = {Psychological science},
	publisher    = {Sage Publications Sage CA: Los Angeles, CA},
	volume       = 28,
	number       = 11,
	pages        = {1663--1674}
}
@article{sparkman2020,
	title        = {{Developing a scalable dynamic norm menu-based intervention to reduce meat consumption}},
	author       = {Sparkman, Gregg and Weitz, Elizabeth and Robinson, Thomas N and Malhotra, Neil and Walton, Gregory M},
	year         = 2020,
	journal      = {Sustainability},
	publisher    = {MDPI},
	volume       = 12,
	number       = 6,
	pages        = 2453
}
@article{sparkman2021,
	title        = {{Cut back or give it up? The effectiveness of reduce and eliminate appeals and dynamic norm messaging to curb meat consumption}},
	author       = {Sparkman, Gregg and Macdonald, Bobbie NJ and Caldwell, Krystal D and Kateman, Brian and Boese, Gregory D},
	year         = 2021,
	journal      = {Journal of Environmental Psychology},
	publisher    = {Elsevier},
	volume       = 75,
	pages        = 101592
}
@article{weingarten2022,
  title={Can information influence meat consumption behaviour? An experimental field study in the university canteen},
  author={Weingarten, Nina and Meraner, Manuela and Bach, Leonie and Hartmann, Monika},
  journal={Food Quality and Preference},
  volume={97},
  pages={104498},
  year={2022},
  publisher={Elsevier}
}
